%YAML 1.1
%TAG !u! tag:unity3d.com,2011:
--- !u!1001 &100100000
Prefab:
  m_ObjectHideFlags: 1
  serializedVersion: 2
  m_Modification:
    m_TransformParent: {fileID: 0}
    m_Modifications: []
    m_RemovedComponents: []
  m_ParentPrefab: {fileID: 0}
  m_RootGameObject: {fileID: 1899291497498850}
  m_IsPrefabParent: 1
--- !u!1 &1266472072572418
GameObject:
  m_ObjectHideFlags: 0
  m_PrefabParentObject: {fileID: 0}
  m_PrefabInternal: {fileID: 100100000}
  serializedVersion: 5
  m_Component:
  - component: {fileID: 4763002663270854}
  - component: {fileID: 33791222198944352}
  - component: {fileID: 23666577174481006}
  - component: {fileID: 114101611874935850}
  - component: {fileID: 64916528823935858}
  m_Layer: 0
  m_Name: Sphere001
  m_TagString: Untagged
  m_Icon: {fileID: 0}
  m_NavMeshLayer: 0
  m_StaticEditorFlags: 0
  m_IsActive: 1
--- !u!1 &1428957412868502
GameObject:
  m_ObjectHideFlags: 0
  m_PrefabParentObject: {fileID: 0}
  m_PrefabInternal: {fileID: 100100000}
  serializedVersion: 5
  m_Component:
  - component: {fileID: 4712617575434160}
  - component: {fileID: 33329970016308166}
  - component: {fileID: 23556562142316516}
  - component: {fileID: 114273058926395678}
  - component: {fileID: 64573419104826920}
  m_Layer: 0
  m_Name: NGon002
  m_TagString: Untagged
  m_Icon: {fileID: 0}
  m_NavMeshLayer: 0
  m_StaticEditorFlags: 0
  m_IsActive: 1
--- !u!1 &1899291497498850
GameObject:
  m_ObjectHideFlags: 0
  m_PrefabParentObject: {fileID: 0}
  m_PrefabInternal: {fileID: 100100000}
  serializedVersion: 5
  m_Component:
  - component: {fileID: 4723267375196930}
  - component: {fileID: 114906934020467302}
  - component: {fileID: 114311193120363664}
  - component: {fileID: 114280984907461660}
  m_Layer: 0
  m_Name: Pineapple
  m_TagString: Untagged
  m_Icon: {fileID: 0}
  m_NavMeshLayer: 0
  m_StaticEditorFlags: 0
  m_IsActive: 1
--- !u!4 &4712617575434160
Transform:
  m_ObjectHideFlags: 1
  m_PrefabParentObject: {fileID: 0}
  m_PrefabInternal: {fileID: 100100000}
  m_GameObject: {fileID: 1428957412868502}
  m_LocalRotation: {x: -0.6285377, y: 0.00000006365064, z: -0.77777916, w: -0.00000005960465}
  m_LocalPosition: {x: -0.18872833, y: -0.12660384, z: -0.0409832}
  m_LocalScale: {x: 0.8, y: 0.8999997, z: 0.7999999}
  m_Children: []
  m_Father: {fileID: 4723267375196930}
  m_RootOrder: 0
  m_LocalEulerAnglesHint: {x: 0, y: 0, z: 0}
--- !u!4 &4723267375196930
Transform:
  m_ObjectHideFlags: 1
  m_PrefabParentObject: {fileID: 0}
  m_PrefabInternal: {fileID: 100100000}
  m_GameObject: {fileID: 1899291497498850}
  m_LocalRotation: {x: -0, y: -0, z: -0, w: 1}
  m_LocalPosition: {x: -8.843536, y: -0.25133133, z: 2.2168233}
  m_LocalScale: {x: 1, y: 1, z: 1}
  m_Children:
  - {fileID: 4712617575434160}
  - {fileID: 4763002663270854}
  m_Father: {fileID: 0}
  m_RootOrder: 0
  m_LocalEulerAnglesHint: {x: 0, y: 0, z: 0}
--- !u!4 &4763002663270854
Transform:
  m_ObjectHideFlags: 1
  m_PrefabParentObject: {fileID: 0}
  m_PrefabInternal: {fileID: 100100000}
  m_GameObject: {fileID: 1266472072572418}
  m_LocalRotation: {x: -0.5724795, y: 0.41505092, z: 0.41505092, w: 0.5724795}
  m_LocalPosition: {x: -0.18872833, y: 0.10829997, z: -0.0409832}
  m_LocalScale: {x: 1.8978742, y: 1.8978742, z: 2.3999999}
  m_Children: []
  m_Father: {fileID: 4723267375196930}
  m_RootOrder: 1
  m_LocalEulerAnglesHint: {x: 0, y: 0, z: 0}
--- !u!23 &23556562142316516
MeshRenderer:
  m_ObjectHideFlags: 1
  m_PrefabParentObject: {fileID: 0}
  m_PrefabInternal: {fileID: 100100000}
  m_GameObject: {fileID: 1428957412868502}
  m_Enabled: 1
  m_CastShadows: 1
  m_ReceiveShadows: 1
  m_DynamicOccludee: 1
  m_MotionVectors: 1
  m_LightProbeUsage: 1
  m_ReflectionProbeUsage: 1
  m_RenderingLayerMask: 4294967295
  m_Materials:
  - {fileID: 2100000, guid: e54614911ad34d24b818abfcd22f53c1, type: 2}
  m_StaticBatchInfo:
    firstSubMesh: 0
    subMeshCount: 0
  m_StaticBatchRoot: {fileID: 0}
  m_ProbeAnchor: {fileID: 0}
  m_LightProbeVolumeOverride: {fileID: 0}
  m_ScaleInLightmap: 1
  m_PreserveUVs: 0
  m_IgnoreNormalsForChartDetection: 0
  m_ImportantGI: 0
  m_StitchLightmapSeams: 0
  m_SelectedEditorRenderState: 3
  m_MinimumChartSize: 4
  m_AutoUVMaxDistance: 0.5
  m_AutoUVMaxAngle: 89
  m_LightmapParameters: {fileID: 0}
  m_SortingLayerID: 0
  m_SortingLayer: 0
  m_SortingOrder: 0
--- !u!23 &23666577174481006
MeshRenderer:
  m_ObjectHideFlags: 1
  m_PrefabParentObject: {fileID: 0}
  m_PrefabInternal: {fileID: 100100000}
  m_GameObject: {fileID: 1266472072572418}
  m_Enabled: 1
  m_CastShadows: 1
  m_ReceiveShadows: 1
  m_DynamicOccludee: 1
  m_MotionVectors: 1
  m_LightProbeUsage: 1
  m_ReflectionProbeUsage: 1
  m_RenderingLayerMask: 4294967295
  m_Materials:
  - {fileID: 2100000, guid: ae41c97823004d64babc54cc99b3c27d, type: 2}
  m_StaticBatchInfo:
    firstSubMesh: 0
    subMeshCount: 0
  m_StaticBatchRoot: {fileID: 0}
  m_ProbeAnchor: {fileID: 0}
  m_LightProbeVolumeOverride: {fileID: 0}
  m_ScaleInLightmap: 1
  m_PreserveUVs: 0
  m_IgnoreNormalsForChartDetection: 0
  m_ImportantGI: 0
  m_StitchLightmapSeams: 0
  m_SelectedEditorRenderState: 3
  m_MinimumChartSize: 4
  m_AutoUVMaxDistance: 0.5
  m_AutoUVMaxAngle: 89
  m_LightmapParameters: {fileID: 0}
  m_SortingLayerID: 0
  m_SortingLayer: 0
  m_SortingOrder: 0
--- !u!33 &33329970016308166
MeshFilter:
  m_ObjectHideFlags: 1
  m_PrefabParentObject: {fileID: 0}
  m_PrefabInternal: {fileID: 100100000}
  m_GameObject: {fileID: 1428957412868502}
  m_Mesh: {fileID: 4300016, guid: ffc8f19dbd134124bb673ce0c3f4e8a9, type: 3}
--- !u!33 &33791222198944352
MeshFilter:
  m_ObjectHideFlags: 1
  m_PrefabParentObject: {fileID: 0}
  m_PrefabInternal: {fileID: 100100000}
  m_GameObject: {fileID: 1266472072572418}
  m_Mesh: {fileID: 4300018, guid: ffc8f19dbd134124bb673ce0c3f4e8a9, type: 3}
--- !u!64 &64573419104826920
MeshCollider:
  m_ObjectHideFlags: 1
  m_PrefabParentObject: {fileID: 0}
  m_PrefabInternal: {fileID: 100100000}
  m_GameObject: {fileID: 1428957412868502}
  m_Material: {fileID: 0}
  m_IsTrigger: 0
  m_Enabled: 1
  serializedVersion: 3
  m_Convex: 0
  m_CookingOptions: 14
  m_SkinWidth: 0.01
  m_Mesh: {fileID: 4300016, guid: ffc8f19dbd134124bb673ce0c3f4e8a9, type: 3}
--- !u!64 &64916528823935858
MeshCollider:
  m_ObjectHideFlags: 1
  m_PrefabParentObject: {fileID: 0}
  m_PrefabInternal: {fileID: 100100000}
  m_GameObject: {fileID: 1266472072572418}
  m_Material: {fileID: 0}
  m_IsTrigger: 0
  m_Enabled: 1
  serializedVersion: 3
  m_Convex: 0
  m_CookingOptions: 14
  m_SkinWidth: 0.01
  m_Mesh: {fileID: 4300018, guid: ffc8f19dbd134124bb673ce0c3f4e8a9, type: 3}
--- !u!114 &114101611874935850
MonoBehaviour:
  m_ObjectHideFlags: 1
  m_PrefabParentObject: {fileID: 0}
  m_PrefabInternal: {fileID: 100100000}
  m_GameObject: {fileID: 1266472072572418}
  m_Enabled: 1
  m_EditorHideFlags: 0
  m_Script: {fileID: 11500000, guid: d7cacad9787610e42b170742d2fbcee4, type: 3}
  m_Name: 
  m_EditorClassIdentifier: 
  objectInfo: {fileID: 114311193120363664}
  renderers: []
  lookForAnimatorInParent: 0
--- !u!114 &114273058926395678
MonoBehaviour:
  m_ObjectHideFlags: 1
  m_PrefabParentObject: {fileID: 0}
  m_PrefabInternal: {fileID: 100100000}
  m_GameObject: {fileID: 1428957412868502}
  m_Enabled: 1
  m_EditorHideFlags: 0
  m_Script: {fileID: 11500000, guid: d7cacad9787610e42b170742d2fbcee4, type: 3}
  m_Name: 
  m_EditorClassIdentifier: 
  objectInfo: {fileID: 114311193120363664}
  renderers: []
  lookForAnimatorInParent: 0
--- !u!114 &114280984907461660
MonoBehaviour:
  m_ObjectHideFlags: 1
  m_PrefabParentObject: {fileID: 0}
  m_PrefabInternal: {fileID: 100100000}
  m_GameObject: {fileID: 1899291497498850}
  m_Enabled: 1
  m_EditorHideFlags: 0
  m_Script: {fileID: 11500000, guid: c09902949c1ae564c9b22a0fb2efb988, type: 3}
  m_Name: 
  m_EditorClassIdentifier: 
  groupElements:
  - {fileID: 114273058926395678}
  - {fileID: 114101611874935850}
  mainElement: {fileID: 114906934020467302}
  onlyTogether: 0
--- !u!114 &114311193120363664
MonoBehaviour:
  m_ObjectHideFlags: 1
  m_PrefabParentObject: {fileID: 0}
  m_PrefabInternal: {fileID: 100100000}
  m_GameObject: {fileID: 1899291497498850}
  m_Enabled: 1
  m_EditorHideFlags: 0
  m_Script: {fileID: 11500000, guid: 5b3410835dbf7b74bb1427756462f180, type: 3}
  m_Name: 
  m_EditorClassIdentifier: 
  wordInEnglish: pineapple
  wordInfo:
    wordInOL: 
    wordInTL: 
    wordSound: {fileID: 0}
--- !u!114 &114906934020467302
MonoBehaviour:
  m_ObjectHideFlags: 1
  m_PrefabParentObject: {fileID: 0}
  m_PrefabInternal: {fileID: 100100000}
  m_GameObject: {fileID: 1899291497498850}
  m_Enabled: 1
  m_EditorHideFlags: 0
  m_Script: {fileID: 11500000, guid: d7cacad9787610e42b170742d2fbcee4, type: 3}
  m_Name: 
  m_EditorClassIdentifier: 
  objectInfo: {fileID: 0}
  renderers:
  - {fileID: 23556562142316516}
  - {fileID: 23666577174481006}
  lookForAnimatorInParent: 0
